@inproceedings{kaushal2021house,
  title={House Price Prediction Using Multiple Linear Regression},
  author={Kaushal, Anirudh and Shankar, Achyut},
  booktitle={Proceedings of the International Conference on Innovative Computing \& Communication (ICICC)},
  year={2021}
}
@inproceedings{manasa2020machine,
  title={Machine learning based predicting house prices using regression techniques},
  author={Manasa, J and Gupta, Radha and Narahari, NS},
  booktitle={2020 2nd International conference on innovative mechanisms for industry applications (ICIMIA)},
  pages={624--630},
  year={2020},
  organization={IEEE}
}
@article{thamarai2020house,
  title={House Price Prediction Modeling Using Machine Learning.},
  author={Thamarai, M and Malarvizhi, SP},
  journal={International Journal of Information Engineering \& Electronic Business},
  volume={12},
  number={2},
  year={2020}
}
@article{Rana2020HousePP,
  title={House Price Prediction Using Optimal Regression Techniques},
  author={Vivek S. Rana and Jayanto Mondal and Annu Sharma and Indu Kashyap},
  journal={2020 2nd International Conference on Advances in Computing, Communication Control and Networking (ICACCCN)},
  year={2020},
  pages={203-208}
}
@inproceedings{madhuri2019house,
  title={House price prediction using regression techniques: A comparative study},
  author={Madhuri, CH Raga and Anuradha, G and Pujitha, M Vani},
  booktitle={2019 International conference on smart structures and systems (ICSSS)},
  pages={1--5},
  year={2019},
  organization={IEEE}
}
@article{yang2020loss,
  title={A Loss-Function for Causal Machine-Learning},
  author={Yang, I and others},
  journal={arXiv preprint arXiv:2001.00629},
  year={2020}
}